<record><leader>00000cas a2200000 a 4500</leader><controlfield tag="001">28248822</controlfield><controlfield tag="008">930610d18721875scuwr ne      0   a0eng  </controlfield><controlfield tag="009">14537</controlfield><datafield ind1=" " ind2=" " tag="010"><subfield code="a">sn 93067790 </subfield></datafield><datafield ind1=" " ind2=" " tag="040"><subfield code="a">SVN</subfield><subfield code="b">eng</subfield><subfield code="c">SVN</subfield><subfield code="d">OCLCQ</subfield><subfield code="d">DLC</subfield><subfield code="d">OCLCF</subfield></datafield><datafield ind1=" " ind2=" " tag="012"><subfield code="l">a</subfield></datafield><datafield ind1="0" ind2=" " tag="022"><subfield code="a">2163-7474</subfield><subfield code="2">1</subfield></datafield><datafield ind1="1" ind2=" " tag="029"><subfield code="a">AU@</subfield><subfield code="b">000025891245</subfield></datafield><datafield ind1=" " ind2=" " tag="042"><subfield code="a">pcc</subfield><subfield code="a">nsdp</subfield></datafield><datafield ind1=" " ind2=" " tag="043"><subfield code="a">n-us-sc</subfield></datafield><datafield ind1="0" ind2="0" tag="050"><subfield code="a">Newspaper</subfield></datafield><datafield ind1="1" ind2="0" tag="082"><subfield code="a">070</subfield><subfield code="2">14</subfield></datafield><datafield ind1="0" ind2=" " tag="130"><subfield code="a">Orangeburg times (Orangeburg, S.C. : 1872)</subfield></datafield><datafield ind1=" " ind2="0" tag="222"><subfield code="a">Orangeburg times</subfield><subfield code="b">(Orangeburg, S.C. 1872)</subfield></datafield><datafield ind1="1" ind2="0" tag="245"><subfield code="a">Orangeburg times.</subfield></datafield><datafield ind1=" " ind2=" " tag="260"><subfield code="a">Orangeburg, S.C. :</subfield><subfield code="b">Heyward and Beard,</subfield><subfield code="c">1872-1975.</subfield></datafield><datafield ind1=" " ind2=" " tag="300"><subfield code="a">4 v.</subfield></datafield><datafield ind1=" " ind2=" " tag="310"><subfield code="a">Weekly</subfield></datafield><datafield ind1="0" ind2=" " tag="362"><subfield code="a">Vol. 1, no. 1 (Feb. 14, 1872)-v. 4, no. 5 (Mar. 11, 1875).</subfield></datafield><datafield ind1=" " ind2=" " tag="530"><subfield code="a">Archived issues are available in digital format as part of the Library of Congress Chronicling America online collection.</subfield></datafield><datafield ind1=" " ind2="0" tag="651"><subfield code="a">Orangeburg County (S.C.)</subfield><subfield code="v">Newspapers.</subfield></datafield><datafield ind1=" " ind2="7" tag="655"><subfield code="a">Newspapers.</subfield><subfield code="2">fast</subfield><subfield code="0">(OCoLC)fst01423814</subfield></datafield><datafield ind1=" " ind2="7" tag="651"><subfield code="a">South Carolina</subfield><subfield code="z">Orangeburg County.</subfield><subfield code="2">fast</subfield><subfield code="0">(OCoLC)fst01212821</subfield></datafield><datafield ind1=" " ind2=" " tag="752"><subfield code="a">United States</subfield><subfield code="b">South Carolina</subfield><subfield code="c">Orangeburg</subfield><subfield code="d">Orangeburg.</subfield></datafield><datafield ind1="0" ind2="4" tag="785"><subfield code="t">Orangeburg news (Orangeburg, S.C. : 1867)</subfield><subfield code="x">2163-436X</subfield><subfield code="w">(DLC)sn 84026920</subfield><subfield code="w">(OCoLC)10748854</subfield></datafield><datafield ind1="0" ind2="4" tag="785"><subfield code="t">Orangeburg news and times</subfield><subfield code="x">2163-4815</subfield><subfield code="w">(DLC)sn 86053227</subfield><subfield code="w">(OCoLC)13356557</subfield></datafield><datafield ind1="4" ind2="1" tag="856"><subfield code="u">http://www.loc.gov/chroniclingamerica/lccn/sn93067790/issues</subfield></datafield></record>